<record><leader>00000cas a2200000 a 4500</leader><controlfield tag="001">44607504</controlfield><controlfield tag="007">hd afb017bacp</controlfield><controlfield tag="007">hd bfb017baap</controlfield><controlfield tag="007">hd bfb017babp</controlfield><controlfield tag="008">000718d19751982fluer nea     0   a0eng c</controlfield><datafield ind1=" " ind2=" " tag="010"><subfield code="a">sn 00229550 </subfield></datafield><datafield ind1=" " ind2=" " tag="040"><subfield code="a">FUG</subfield><subfield code="b">eng</subfield><subfield code="c">FUG</subfield><subfield code="d">OCLCQ</subfield><subfield code="d">OCLCF</subfield><subfield code="d">OCLCO</subfield><subfield code="d">OCLCQ</subfield></datafield><datafield ind1=" " ind2=" " tag="012"><subfield code="i">0007</subfield></datafield><datafield ind1=" " ind2=" " tag="037"><subfield code="b">George A. Smathers Libraries, University of Florida, Preservation Office, Gainesville, FL 32611</subfield></datafield><datafield ind1=" " ind2=" " tag="042"><subfield code="a">pcc</subfield></datafield><datafield ind1=" " ind2=" " tag="043"><subfield code="a">n-us-fl</subfield></datafield><datafield ind1="0" ind2=" " tag="130"><subfield code="a">Jewish Floridian of Palm Beach County (Palm Beach County, Fla. : 1975)</subfield></datafield><datafield ind1="1" ind2="0" tag="245"><subfield code="a">Jewish Floridian of Palm Beach County.</subfield></datafield><datafield ind1="3" ind2="0" tag="246"><subfield code="a">Jewish Floridian</subfield></datafield><datafield ind1=" " ind2=" " tag="260"><subfield code="a">Miami, Fla. :</subfield><subfield code="b">Fred K. Shochet</subfield></datafield><datafield ind1=" " ind2=" " tag="300"><subfield code="a">8 volumes :</subfield><subfield code="b">illustrations</subfield></datafield><datafield ind1=" " ind2=" " tag="310"><subfield code="a">Weekly (Oct. to mid-May); biweekly (balance of year),</subfield><subfield code="b">Oct. 3, 1981-</subfield></datafield><datafield ind1=" " ind2=" " tag="321"><subfield code="a">Biweekly,</subfield><subfield code="b">Feb. 28, 1975-Sept. 19, 1981</subfield></datafield><datafield ind1=" " ind2=" " tag="336"><subfield code="a">text</subfield><subfield code="b">txt</subfield><subfield code="2">rdacontent</subfield></datafield><datafield ind1=" " ind2=" " tag="337"><subfield code="a">microform</subfield><subfield code="b">h</subfield><subfield code="2">rdamedia</subfield></datafield><datafield ind1=" " ind2=" " tag="338"><subfield code="a">microfilm reel</subfield><subfield code="b">hd</subfield><subfield code="2">rdacarrier</subfield></datafield><datafield ind1="0" ind2=" " tag="362"><subfield code="a">Vol. 1, no. 1 (Feb. 28, 1975)-v. 8, no. 40 (Dec. 17, 1982).</subfield></datafield><datafield ind1=" " ind2=" " tag="500"><subfield code="a">"Combining Our voice and Federation reporter."</subfield></datafield><datafield ind1=" " ind2=" " tag="515"><subfield code="a">Issue for Jan. 2, 1976 called v.2, no. 22, but constitutes v.2, no. 1.</subfield></datafield><datafield ind1=" " ind2=" " tag="515"><subfield code="a">Numbering in masthead and publisher's statements conflict: July 28, 1978 called no. 14 in masthead and no. 15 in publisher's statement; Aug. 25, 1978 called no. 16 in masthead and no. 17 in publisher's statement; Aug. 10, 1979 called no. 15 in masthead and no. 16 in publisher's statement; Oct. 22, 1982 called no. 31 in masthead and no. 32 in publisher's statement.</subfield></datafield><datafield ind1=" " ind2=" " tag="533"><subfield code="a">Microfilm.</subfield><subfield code="m">v.1:no. 1-v.8:no. 40 (Feb. 28, 1975-Dec. 17, 1982)</subfield><subfield code="b">Gainesville, FL :</subfield><subfield code="c">George A. Smathers Libraries, University of Florida,</subfield><subfield code="d">2000.</subfield><subfield code="e">3 microfilm reels ; 35 mm.</subfield><subfield code="n">Issues for Dec. 24 and 31, 1982 on reel with later title: Jewish Floridian (Palm Beach, Fla. : 1982), v.8-9, 1982-83.</subfield></datafield><datafield ind1=" " ind2=" " tag="539"><subfield code="a">d</subfield><subfield code="b">1975</subfield><subfield code="c">1982</subfield><subfield code="d">flu</subfield><subfield code="e">u</subfield><subfield code="f">u</subfield><subfield code="g">a</subfield></datafield><datafield ind1=" " ind2="0" tag="650"><subfield code="a">Jewish newspapers</subfield><subfield code="z">Florida.</subfield></datafield><datafield ind1=" " ind2="0" tag="651"><subfield code="a">Palm Beach (Fla.)</subfield><subfield code="v">Newspapers.</subfield></datafield><datafield ind1=" " ind2="0" tag="651"><subfield code="a">Palm Beach County (Fla.)</subfield><subfield code="v">Newspapers.</subfield></datafield><datafield ind1=" " ind2="7" tag="650"><subfield code="a">Jewish newspapers.</subfield><subfield code="2">fast</subfield><subfield code="0">(OCoLC)fst00982872</subfield></datafield><datafield ind1=" " ind2="7" tag="651"><subfield code="a">Florida.</subfield><subfield code="2">fast</subfield><subfield code="0">(OCoLC)fst01205150</subfield></datafield><datafield ind1=" " ind2="7" tag="651"><subfield code="a">Florida</subfield><subfield code="z">Palm Beach.</subfield><subfield code="2">fast</subfield><subfield code="0">(OCoLC)fst01215470</subfield></datafield><datafield ind1=" " ind2="7" tag="651"><subfield code="a">Florida</subfield><subfield code="z">Palm Beach County.</subfield><subfield code="2">fast</subfield><subfield code="0">(OCoLC)fst01205639</subfield></datafield><datafield ind1=" " ind2="7" tag="655"><subfield code="a">Newspapers.</subfield><subfield code="2">fast</subfield><subfield code="0">(OCoLC)fst01423814</subfield></datafield><datafield ind1=" " ind2=" " tag="752"><subfield code="a">United States</subfield><subfield code="b">Florida</subfield><subfield code="c">Palm Beach</subfield><subfield code="d">Palm Beach.</subfield></datafield><datafield ind1="0" ind2=" " tag="775"><subfield code="t">Jewish Floridian</subfield><subfield code="h">[microform]</subfield><subfield code="w">(DLC)sn 96027667</subfield><subfield code="w">(OCoLC)35317254</subfield></datafield><datafield ind1="1" ind2=" " tag="776"><subfield code="c">Original</subfield><subfield code="w">(DLC)sn 00229549</subfield><subfield code="w">(OCoLC)44598890</subfield></datafield><datafield ind1="0" ind2="0" tag="785"><subfield code="t">Jewish Floridian (Palm Beach, Fla. : 1982)</subfield><subfield code="h">[microform]</subfield><subfield code="w">(DLC)sn 00229548</subfield><subfield code="w">(OCoLC)44606415</subfield></datafield><datafield ind1=" " ind2=" " tag="850"><subfield code="a">FU</subfield><subfield code="a">FU (master)</subfield></datafield><datafield ind1="1" ind2=" " tag="029"><subfield code="a">AU@</subfield><subfield code="b">000021676046</subfield></datafield></record>